@book{vis,
  title={Visualization of Time-Oriented Data},
  author={Wolfgang Aigner and Silvia Miksch and Heidrun Schumann and Christian Tominski},
  isbn={978-0-85729-078-6},
  year={2011},
  pages = {286},
  publisher={Springer}
}

@article{taxonomia,
 author = {Aigner, Wolfgang and Miksch, Silvia and M\"{u}ller, Wolfgang and Schumann, Heidrun and Tominski, Christian},
 title = {Visualizing Time-Oriented Data-A Systematic View},
 journal = {Comput. Graph.},
 issue_date = {June, 2007},
 volume = {31},
 number = {3},
 month = jun,
 year = {2007},
 issn = {0097-8493},
 pages = {401--409},

} 


@online{anemone,
title = "Mapping how people use a website, Mappa.Mundi Magazine",
location = "",
publisher = "media.org",
author = "Ben Fry",
year = "2001", 
url = "http://mappa.mundi.net/maps/maps_022/"
}

% Optional fields: volume, number, pages, month, note
@online{obdiso,
	author = "International Organization for Standardization",
	title = "Road vehicles -- Diagnostic communication over Controller Area Network ",
	publisher = "http://www.iso.org/",
	url = "http://www.iso.org/iso/home/store/catalogue_ics/catalogue_detail_ics.htm?csnumber=46045",
	year = "2014"
}
% Optional fields: volume, number, pages, month, note
@book{iot,
	author = {Dr. Ovidiu Vermesan, Dr. Peter Friess},
	title = {Internet of Things: Converging Technologies for Smart Environments and Integrated Ecosystems},
	year = {2013},
	isbn = {978-87-92982-96-4},
	publisher = {River Publishers},
}
% Optional fields: volume/number, series, address, edition, month, note
@BOOK{einstein_rel,
	author = {Einstein, Albert},
	title = {Relativity: The Special and General Theory},
	publisher = {New York: Henry Holt},
	year = {1920},
	isbn = {1-58734-092-5}
}
% Optional fields: volume/number, series, address, edition, month, note
@BOOK{equivalence,
	author = {Penrose, Roger },
	title = {The Principle of Equivalence},
	publisher = {Knopf},
	year = {2014},
	isbn = {0-47008-578-9}
}
% Optional fields: volume, number, pages, month, note
@ARTICLE{accident,
	author = {Amit.V.Kachavimath, Nagaraj.C},
	title = {Vehicle Accident Detection and Reporting System using Accelerometer},
	journal = {JIJSRD},
	year = {2015},
	volume = {3},
	number = {4},
	issn = {2321-0613}
}
@online{IoT_standart,
	author = "Alex Wood",
	title = "The internet of things is revolutionising our lives, but standards are a must",
	publisher = "http://www.theguardian.com/",
	url = "http://www.theguardian.com/media-network/2015/mar/31/the-internet-of-things-is-revolutionising-our-lives-but-standards-are-a-must",
	year = "2015"
}
@online{varian_reduce,
	author = "PTC",
	title = "Reducing Mean Time to Repair by 50 Percent with SmartConnectâ„¢",
	publisher = "http://www.ptc.com/",
	url = "http://www.ptc.com/internet-of-things/customer-success/varian-medical-systems/thank-you",
	year = "2015"
}
